@Book{kernighan1984,
author = {Kernighan, Brian W. and Pike, Rob}, 
title = {The UNIX Programming Environment}, 
publisher = {Prentice-Hall}, 
address = {Englewood Cliffs, New Jersey}, 
year = {1984}, }

@Book{lamport1994,
author = {Lamport, Leslie}, 
title = {LATEX: A Document Preparation System : User's Guide and Reference Manual}, 
pages = {298}, 
publisher = {Addison-Wesley Professional}, 
address = {Boston}, 
year = {1994}, 
abstract = {Computing Methodologies -- Text Processing.}, 
keywords = {Computers},}

@Book{kernighan1976,
author = {Kernighan, Brian W. and Plauger, P. J.}, 
title = {Software Tools}, 
pages = {356}, 
publisher = {Addison-Wesley Professional}, 
address = {Reading, Massachusetts}, 
year = {1976}, 
abstract = {How to build software tools using structured programming. Written using RATFOR (Rational FORTRAN); could be translated into other languages.}, 
keywords = {Computers},}

@Book{aho1988,
author = {Aho, Alfred V. and Kernighan, Brian W. and Weinberger, Peter J.}, 
title = {The AWK Programming Language}, 
pages = {210}, 
publisher = {Addison-Wesley}, 
year = {1988}, 
abstract = {Software -- Programming Languages.}, 
keywords = {Computers},}

@Book{bambenek2009,
author = {Bambenek, John and Klus, Agnieszka}, 
title = {grep Pocket Reference}, 
pages = {84}, 
publisher = {O'Reilly Media}, 
year = {2009}, 
abstract = {grep Pocket Reference is the first guide devoted to grep, the powerful Unix content-location utility. This handy book is ideal for system administrators, security professionals, developers, and others who want to learn more about grep and take new approaches with it -- for everything from mail filtering and system log management to malware analysis. With grep Pocket Reference, you will: Learn methods for filtering large files for specific content Acquire information not included in the current grep documentation Get several tricks for using variants such as egrep Keep key information about grep right at your fingertips Find the answers you need about grep quickly and easily. If you're familiar with this utility, grep Pocket Reference will help you refresh your basic knowledge, understand rare situations, and work more efficiently. If you're new to grep, this book is the best way to get started.}, 
keywords = {Computers},}

@Book{robbins2005,
author = {Robbins, Arnold and Beebe, Nelson H. F.}, 
title = {Classic Shell Scripting: Hidden Commands that Unlock the Power of Unix}, 
pages = {558}, 
publisher = {``O'Reilly Media, Inc.''}, 
address = {Sebastapol, California}, 
year = {2005}, 
abstract = {An useful skill for Unix users and system administrators, shell scripts let you easily crunch data and automate repetitive tasks, offering a way to quickly harness the full power of any Unix system. his book provides the tips, tricks, and organized knowledge needed to create excellent scripts, as well as warnings of traps.}, 
keywords = {Computers},}

@electronic{pdfassociation2025,
author = {Association, PDF}, 
title = {Glossary of PDF terms}, 
year = {2025}, 
howpublished = {\url{https://pdfa.org/glossary-of-pdf-terms/\#p}}, }

@electronic{grep2023b,
title = {Advanced Grep Topics}, 
year = {2023}, 
howpublished = {\url{https://caspar.bgsu.edu/~courses/Stats/Labs/Handouts/grepadvanced.htm}}, }

@Book{fitzgerald2012,
author = {Fitzgerald, Michael}, 
title = {Introducing Regular Expressions}, 
pages = {154}, 
publisher = {“O’Reilly Media, Inc.”}, 
address = {Sebastapol, California}, 
year = {2012}, 
abstract = {Commonly used for sifting through large chunks of text, regexes are incredibly powerful although they may appear daunting to the newcomer. Loaded with examples, this introductory guide walks beginners step by step through the fundamentals of regular expressions, and helps them decipher complex patterns.}, 
keywords = {Computers},}
